@article{Geisberger:ch,
  title={Exact routing in large road networks using contraction hierarchies},
  author={Geisberger, Robert and Sanders, Peter and Schultes, Dominik and Vetter, Christian},
  journal={Transport. Science},
  volume={46},
  number={3},
  pages={388--404},
  year={2012},
  publisher={INFORMS}
}